<record xmlns="http://www.loc.gov/MARC21/slim" xmlns:xsi="http://www.w3.org/2001/XMLSchema-instance" xsi:schemaLocation="http://www.loc.gov/MARC21/slim http://www.loc.gov/standards/marcxml/schema/MARC21slim.xsd">

  <leader>00761nam a2200205   4500</leader>
  <datafield tag="999" ind2=" " ind1=" ">
    <subfield code="c">3080</subfield>
    <subfield code="d">3080</subfield>
  </datafield>
  <controlfield tag="008">160210b2014    cr ||||| |||| 00| | spa d</controlfield>
  <datafield ind1=" " ind2=" " tag="090">
    <subfield code="a">06.06.02</subfield>
    <subfield code="b">1284</subfield>
  </datafield>
  <datafield tag="100" ind2=" " ind1="1">
    <subfield code="9">775</subfield>
    <subfield code="a">Arita Dubón, Edgardo</subfield>
  </datafield>
  <datafield ind2="0" tag="245" ind1="1">
    <subfield code="a">Sin fronteras: Programa de formación profesional para docentes /</subfield>
    <subfield code="c">Edgardo Arita Dubon, Sonia Rodríguez Soto</subfield>
  </datafield>
  <datafield tag="260" ind2=" " ind1=" ">
    <subfield code="a">[San José, Costa Rica ] :</subfield>
    <subfield code="b">INIE,</subfield>
    <subfield code="c">2015</subfield>
  </datafield>
  <datafield ind1=" " ind2=" " tag="300">
    <subfield code="a">13 páginas, 50 páginas sin numerar</subfield>
  </datafield>
  <datafield ind1=" " tag="500" ind2=" ">
    <subfield code="a">Informe final Proyecto de Acción Social ED-1596 </subfield>
  </datafield>
  <datafield ind1=" " tag="500" ind2=" ">
    <subfield code="a">La Unidad posee  informe 2014, 2015, 2016</subfield>
  </datafield>
  <datafield ind1="1" tag="650" ind2="4">
    <subfield code="9">9</subfield>
    <subfield code="a">FORMACIÓN DE DOCENTES</subfield>
  </datafield>
  <datafield ind2="4" tag="650" ind1="1">
    <subfield code="9">729</subfield>
    <subfield code="a">CAPACITACIÓN</subfield>
  </datafield>
  <datafield ind1="1" ind2="4" tag="650">
    <subfield code="9">482</subfield>
    <subfield code="a">MATEMÁTICAS  </subfield>
  </datafield>
  <datafield tag="650" ind2="4" ind1="1">
    <subfield code="9">456</subfield>
    <subfield code="a">EDUCACIÓN SECUNDARIA</subfield>
  </datafield>
  <datafield tag="700" ind2=" " ind1="1">
    <subfield code="9">774</subfield>
    <subfield code="a">Rodríguez Soto, Sonia</subfield>
  </datafield>
  <datafield ind2=" " tag="942" ind1=" ">
    <subfield code="2">z</subfield>
    <subfield code="c">04</subfield>
  </datafield>
</record>